% $Id: jsik.bib,v 1.2 2009/04/12 04:03:19 masao Exp $

@Comment [1] 藤原譲：「情報知識学試論」，情報知識学会，Vol.1，No.1，pp.3-10，1990．
@Article{ex1,
  author = 	 {藤原譲},
  title = 	 {情報知識学試論},
  journal = 	 {情報知識学会誌},
  year = 	 1990,
  volume = 	 1,
  number = 	 1,
  pages = 	 {3--10}
}

@Comment [2] 原正一郎；安永尚志：「国文学研究支援のためのSGML/XML データシステム」，情報知識学会，Vol.11，No.4，pp.17-35，2002．
@Article{ex2,
  author = 	 {原正一郎 and 安永尚志},
  title = 	 {国文学研究支援のためのSGML/XMLデータシステム},
  journal = 	 {情報知識学会誌},
  year = 	 2002,
  volume = 	 11,
  number = 	 4,
  pages = 	 {17--35}
}

@Comment [3] Fujiwara, Shizuo: “East-West Communication and Information Transfer - Coordination of Specificity”, Journal of Japan Society of Information and Knowledge, Vol.4, No.2, pp.11-18, 1994.
@Article{ex3,
  author = 	 {Shizuo Fujiwara},
  title = 	 {East-West Communication and Information Transfer - Coordination of Specificity},
  journal = 	 {Journal of Japan Society of Information and Knowledge},
  year = 	 1994,
  volume = 	 4,
  number = 	 2,
  pages = 	 {11--18}
}

@Comment [4] Ellis, David（細野公男監訳，斎藤泰則，鈴木志元，村上泰子訳）：「情報検索論」，丸善，180p.，1994．
@Book{ex4,
  author = 	 {David Ellis},
  translator =   {細野公男監訳 and 斎藤泰則 and 鈴木志元 and 村上泰子},
  title = 	 {情報検索論},
  publisher = 	 {丸善},
  year = 	 1994,
  pages =        {180}
}

@Comment [5] 根岸正光：「学術情報の流通と利用」，『情報学とは何か』情報学シリーズ3，丸善，pp.43-69，2002．
@InBook{ex5,
  author = 	 {根岸正光},
  booktitle = 	 {情報学とは何か},
  title = 	 {学術情報の流通と利用},
  publisher = 	 {丸善},
  year = 	 2002,
  series = 	 {情報学シリーズ3},
  pages = 	 {43--69}
}

@Comment [6] 名和小太郎：「デジタル図書館と著作権」，ディジタル図書館，No.4，http://www.dl.ulis.ac.jp/DLjournal/No_4/nawa/nawa.html （2002 年8 月27日参照）
@InProceedings{ex6,
  author = 	 {名和小太郎},
  title = 	 {デジタル図書館と著作権},
  booktitle =    {ディジタル図書館},
  number = 	 4,
  note = 	 {\url{http://www.dl.ulis.ac.jp/DLjournal/No_4/nawa/nawa.html} （2002年8月27日参照）}
}

@Article{pubid538395300,
author = {高久雅生},
title = {Web情報検索の深化へ向けて},
journal = {情報知識学会誌},
volume = 18,
number = 5,
year = 2008,
pages = {468--471},
note = {（情報知識学会創立20周年記念特別号）}
}

@Misc{jsik_homepage,
  author = {情報知識学会},
  title = {情報知識学会ホームページ},
  note = {\url{http://wwwsoc.nii.ac.jp/jsik/} （2009年4月12日参照）}
}
